@misc{
    Juliaset,
    author = "Juan Carlos Ponce Campuzano",
    title = "The Julia Set",
    howpublished = "Website",
    year = {2019-2022},
    note = {\url{https://complex-analysis.com/content/julia_set.html}}
}
@incollection{douady1986julia,
  title={Julia sets and the Mandelbrot set},
  author={Douady, Adrien},
  booktitle={The beauty of fractals},
  pages={161--174},
  year={1986},
  publisher={Springer}
}
@article{lei1990similarity,
  title={Similarity between the Mandelbrot set and Julia sets},
  author={Lei, Tan},
  journal={Communications in mathematical physics},
  volume={134},
  number={3},
  pages={587--617},
  year={1990},
  publisher={Springer}
}